@article{Liu2012,
	title={Sentiment analysis and opinion mining},
	author={Liu, Bing},
	journal={Synthesis lectures on human language technologies},
	volume={5},
	number={1},
	pages={1--167},
	year={2012},
	publisher={Morgan \& Claypool Publishers}
},
@unpublished{spacy2,
	AUTHOR = {Honnibal, Matthew and Montani, Ines},
	TITLE  = {{spaCy 2}: Natural language understanding with {B}loom embeddings, convolutional neural networks and incremental parsing},
	YEAR   = {2017},
	Note   = {To appear}
},
@article{miller1995wordnet,
	title={WordNet: a lexical database for English},
	author={Miller, George A},
	journal={Communications of the ACM},
	volume={38},
	number={11},
	pages={39--41},
	year={1995},
	publisher={ACM}
},
@book{miller1998wordnet,
	title={WordNet: An electronic lexical database},
	author={Miller, George A},
	year={1998},
	publisher={MIT press}
}


